<?xml version="1.0" encoding="UTF-8"?><collection xmlns="http://www.loc.gov/MARC21/slim"><record><leader>00321nam--2200121-i-4500</leader><controlfield tag="001">000015646</controlfield><controlfield tag="002">20161230</controlfield><controlfield tag="005">20161230201031</controlfield><controlfield tag="008">060222s1000------------r-----000-0-eng-d</controlfield><datafield ind1=" " ind2=" " tag="080"><subfield code="a">629.19(436)</subfield></datafield><datafield ind1=" " ind2=" " tag="245"><subfield code="a">Austrian report to cospar.xxvi th plenary meeting</subfield></datafield><datafield ind1=" " ind2=" " tag="260"><subfield code="a">Toulouse, Academy Of Science, 1986 64 P</subfield></datafield><datafield ind1=" " ind2=" " tag="852"><subfield code="a">73281</subfield></datafield></record></collection>